
@electronic{1,
	author = {Julia Layton},
	title = {Amazon Technology},
	institution = {Money.howstuffworks.com},
	year = {2013},
	month = {03},
}

@electronic{2,
	author = {Robert Johnson},
	title = {Scaling Facebook to 500 Million Users and Beyond},
	institution = {Facebook.com},
	year = {2010},
	month = {07},
}

@electronic{3,
	author = {Danny Sullivan},
	title = {Google Still Doing At Least 1 Trillion Searches Per Year},
	institution = {Search Engine Land},
	year = {2015},
	month = {01},
}

@electronic{4,
	author = {Elena Sotiri},
	title = {How To Prevent Google Tracking On Any Browser},
	institution = {pcsteps},
	year = {2017},
	month = {08},
}

@article{5,
	author = {James Rachels},
	title = {Why Privacy is Important},
	journaltitle = {Philosophy and Public Affairs},
	date = {1975},
}

@inbook{6,
	author = {Priscilla M. Regan},
	title = {Privacy and the common good: revisited},
	booktitle = {Social Dimensions of Privacy: Interdisciplinary Perspectives},
	date = {2015},
	OPTpublisher = {Cambridge University Press},
}

@article{7,
	author = {Helen Nissenbaum},
	title = {Privacy as Contextual Integrity},
	journaltitle = {Washington Law Review},
	date = {2004},
}

@article{8,
author = {Barocas, Solon and Nissenbaum, Helen},
year = {2013},
month = {01},
pages = {44-75},
title = {Big dataâ€™s end run around anonymity and consent},
booktitle = {Privacy, Big Data, and the Public Good: Frameworks for Engagement}
}

@article{9,
	author = {Bart Preneel},
	title = {Big data and little privacy: there is no alternative?},
	year = {2015},
	url = {https://www.youtube.com/watch?v=uYk6yN9eNfc},
}





